@article{Huggett1993,
    author = "Huggett, Mark",
    title = "The Risk-Free Rate in Heterogeneous-Agent Incomplete-Insurance Economies",
    journal = "Journal of Economic Dynamics and Control",
    volume = "17",
    pages = "953--969",
    year = "1993",
    url = "https://www.sciencedirect.com/science/article/pii/0165188993900407"
}

@article{Arellano2008,
    author = "Arellano, Cristina",
    title = "Default Risk and Income Fluctuations in Emerging Economies",
    journal = "American Economic Review",
    volume = "98",
    number = "3",
    pages = "690--712",
    year = "2008",
    url = "https://www.aeaweb.org/articles?id=10.1257/aer.98.3.690"
}

@article{Chatterjee2007,
    author = "Chatterjee, Satyajit and Corbae, Peter and Nakajima, Makoto and Ríos-Rull, José-Víctor",
    title = "A Quantitative Theory of Unsecured Consumer Credit with Risk of Default",
    journal = "Econometrica",
    volume = "75",
    number = "6",
    pages = "1525--1589",
    year = "2007",
    url = "https://www.econometricsociety.org/publications/econometrica/2007/11/01/quantitative-theory-unsecured-consumer-credit-risk-default"
}

@article{Livshits2007,
    author = "Livshits, Igor and MacGee, James and Tertilt, Michèle",
    title = "Consumer Bankruptcy: A Fresh Start",
    journal = "American Economic Review",
    volume = "97",
    number = "1",
    pages = "402--418",
    year = "2007",
    url = "https://www.aeaweb.org/articles?id=10.1257/aer.97.1.402"
}

@article{Drozd2012,
    author = "Drozd, {\L}ukasz and Nosal, Jaromir B.",
    title = "Credit Market Competition and the Macroeconomy",
    journal = "Journal of Economic Theory",
    volume = "147",
    number = "6",
    pages = "2458--2484",
    year = "2012",
    url = "https://www.sciencedirect.com/science/article/pii/S002205311200082X"
}

@article{Bartlett2022,
    author = "Bartlett, Robert and Morse, Adair and Stanton, Richard and Wallace, Nancy",
    title = "Consumer-Lending Discrimination in the FinTech Era",
    journal = "Journal of Financial Economics",
    volume = "143",
    number = "1",
    pages = "30--56",
    year = "2022",
    url = "https://www.sciencedirect.com/science/article/pii/S0304405X2100212X"
}

@article{Campbell2016,
    author = "Campbell, John Y.",
    title = "Restoring Rational Choice: The Challenge of Consumer Financial Regulation",
    journal = "American Economic Review",
    volume = "106",
    number = "5",
    pages = "1--30",
    year = "2016",
    url = "https://www.aeaweb.org/articles?id=10.1257/aer.20151213"
}

@article{Einav2019,
    author = "Einav, Liran and Levin, Jonathan",
    title = "Economics in the Age of Big Data",
    journal = "Science",
    volume = "363",
    number = "6426",
    year = "2019",
    url = "https://www.science.org/doi/10.1126/science.aav8198"
}

@article{Herkenhoff2019,
    author = "Herkenhoff, Kevin",
    title = "The Impact of Consumer Credit Access on Unemployment",
    journal = "Review of Economic Studies",
    volume = "86",
    number = "6",
    pages = "2605--2642",
    year = "2019",
    url = "https://academic.oup.com/restud/article-abstract/86/6/2605/5489438"
}

@article{Mullainathan2017,
    author = "Mullainathan, Sendhil and Spiess, Jann",
    title = "Machine Learning: An Applied Econometric Approach",
    journal = "Journal of Economic Perspectives",
    volume = "31",
    number = "2",
    pages = "87--106",
    year = "2017",
    url = "https://www.aeaweb.org/articles?id=10.1257/jep.31.2.87"
}