@article{maliar2021deep,
  title={Deep learning for solving dynamic economic models.},
  author={Maliar, Lilia and Maliar, Serguei and Winant, Pablo},
  journal={Journal of Monetary Economics},
  volume={122},
  pages={76--101},
  year={2021},
  publisher={Elsevier}
}

@misc{mhasawade2021causalmultilevelfairness,
      title={Causal Multi-Level Fairness}, 
      author={Vishwali Mhasawade and Rumi Chunara},
      year={2021},
      eprint={2010.07343},
      archivePrefix={arXiv},
      primaryClass={cs.LG},
      url={https://arxiv.org/abs/2010.07343}
}

@misc{creager2020causalmodelingfairnessdynamical,
      title={Causal Modeling for Fairness in Dynamical Systems}, 
      author={Elliot Creager and David Madras and Toniann Pitassi and Richard Zemel},
      year={2020},
      eprint={1909.09141},
      archivePrefix={arXiv},
      primaryClass={cs.LG},
      url={https://arxiv.org/abs/1909.09141}
}

@inproceedings{10.1145/3287560.3287564,
author = {Madras, David and Creager, Elliot and Pitassi, Toniann and Zemel, Richard},
title = {Fairness through Causal Awareness: Learning Causal Latent-Variable Models for Biased Data},
year = {2019},
isbn = {9781450361255},
publisher = {Association for Computing Machinery},
address = {New York, NY, USA},
url = {https://doi.org/10.1145/3287560.3287564},
doi = {10.1145/3287560.3287564},
booktitle = {Proceedings of the Conference on Fairness, Accountability, and Transparency},
pages = {349â€“358},
numpages = {10},
keywords = {variational inference, fairness in machine learning, causal inference},
location = {Atlanta, GA, USA},
series = {FAT* '19}
}

@article{https://doi.org/10.1111/jofi.13090,
author = {FUSTER, ANDREAS and GOLDSMITH-PINKHAM, PAUL and RAMADORAI, TARUN and WALTHER, ANSGAR},
title = {Predictably Unequal? The Effects of Machine Learning on Credit Markets},
journal = {The Journal of Finance},
volume = {77},
number = {1},
pages = {5-47},
doi = {https://doi.org/10.1111/jofi.13090},
url = {https://onlinelibrary.wiley.com/doi/abs/10.1111/jofi.13090},
eprint = {https://onlinelibrary.wiley.com/doi/pdf/10.1111/jofi.13090}
}

@article{PAPADOPOULOS201939,
title = {Income inequality, consumption, credit and credit risk in a data-driven agent-based model},
journal = {Journal of Economic Dynamics and Control},
volume = {104},
pages = {39-73},
year = {2019},
issn = {0165-1889},
doi = {https://doi.org/10.1016/j.jedc.2019.05.002},
url = {https://www.sciencedirect.com/science/article/pii/S0165188919300739},
author = {Georgios Papadopoulos}
}

@article{MALIAR202176,
title = {Deep learning for solving dynamic economic models.},
journal = {Journal of Monetary Economics},
volume = {122},
pages = {76-101},
year = {2021},
issn = {0304-3932},
doi = {https://doi.org/10.1016/j.jmoneco.2021.07.004},
url = {https://www.sciencedirect.com/science/article/pii/S0304393221000799},
author = {Lilia Maliar and Serguei Maliar and Pablo Winant}
}

@article{Axtell2022,
  title = {Agent-Based Modeling in Economics and Finance: Past, Present, and Future},
  author = {Axtell, Robert L. and Farmer, J. D.},
  journal = {INET Oxford Working Paper},
  number = {2022-10},
  year = {2022}
}

